@book{metzger1981manuscripts,
  title     = {Manuscripts of the Greek Bible: An Introduction to Palaeography},
  author    = {Metzger, Bruce M.},
  year      = {1981},
  edition   = {1st},
  publisher = {Oxford University Press},
  address   = {New York}
}


@book{vangroningen1967short,
  title     = {Short Manual of Greek Palaeography},
  author    = {van Groningen, B.A.},
  year      = {1967},
  edition   = {Fourth Printing},
  publisher = {A. W. Sijthoff},
  address   = {Leyden},
}

@book{cavallo1967ricerche,
  author    = {Cavallo, Guglielmo},
  title     = {Ricerche sulla maiuscola biblica},
  year      = {1967},
  publisher = {Istituto Papirologico "G. Vitelli"},
  address   = {Firenze}
}

@online{janz_greek_paleography,
  author    = {Janz, Thomas},
  title     = {Greek Paleography: From Antiquity to the Renaissance},
  url       = {https://spotlight.vatlib.it/greek-paleography},
  note      = {Accessed: 2024-07-30}
}




@book{aland1995text,
  title     = {The Text of the New Testament: An Introduction to the Critical Editions and to the Theory and Practice of Modern Textual Criticism},
  author    = {Aland, Kurt and Aland, Barbara},
  year      = {1995},
  month     = {March 25},
  publisher = {Eerdmans},
  address   = {Grand Rapids, MI},
  edition   = {2nd Revised},
  language  = {English}
}

@book{bausi2015comparative,
  title        = {Comparative Oriental Manuscript Studies: An Introduction},
  editor       = {Bausi, Alessandro and Borbone, Pier Giorgio and Briquel-Chatonnet, Françoise and Buzi, Paola and Gippert, Jost and Macé, Caroline and Maniaci, Marilena and Melissakis, Zisis and Parodi, Laura E. and Witakowski, Witold},
  year         = {2015},
  publisher    = {COMSt},
  note         = {Project editor: Eugenia Sokolinski}
}


@book{Vaganay1986,
  author    = {Léon Vaganay and Christian-Bernard Amphoux},
  title     = {Initiation à la critique textuelle du Nouveau Testament},
  edition   = {2\textsuperscript{e} édition entièrement revue et actualisée},
  publisher = {Cerf},
  year      = {1986},
  series    = {Études annexes de la Bible de Jérusalem},
  pages     = {300},
  address   = {Paris}
}

@book{NestleAland2012,
  editor    = {Barbara Aland and Kurt Aland and Johannes Karavidopoulos and Carlo M. Martini and Bruce M. Metzger},
  title     = {Novum Testamentum Graece},
  edition   = {28\textsuperscript{e} édition},
  publisher = {Deutsche Bibelgesellschaft},
  year      = {2012},
  address   = {Stuttgart}
}

@book{Beza1598,
  author    = {Theodore Beza},
  title     = {Jesu Christi Domini nostri Novum Testamentum},
  edition   = {5\textsuperscript{e} édition},
  publisher = { sumptibus haered. Eust. Vignon},
  year      = {1598},
  address   = {Genève}
}

@book{hatch1951facsimiles,
  title={Facsimiles and Descriptions of Minuscule Manuscripts of the New Testament},
  author={Hatch, W.H.P.},
  year={1951},
  publisher={Harvard University Press}
}


@book{Stephanus1550,
  author    = {Robertus Stephanus},
  title     = {Novum Testamentum Graece},
  edition   = {3\textsuperscript{e} édition},
  publisher = {Typographia Regia},
  year      = {1550},
  address   = {Paris}
}

@book{Tischendorf1864,
  author    = {Constantin von Tischendorf},
  title     = {Novum Testamentum Graece: Editio Octava Critica Maior},  
  edition   = {8\textsuperscript{e} édition},  
  publisher = {Giesecke \& Devrient},  
  year      = {1864--1894},  
  address   = {Lipsiae (Leipzig)}
}


@book{WestcottHort1881,
  author    = {Brooke Foss Westcott and Fenton John Anthony Hort},  
  editor    = {Philip Schaff},  
  title     = {The New Testament in the Original Greek},  
  publisher = {Harper \& Brothers},  
  year      = {1881},  
  address   = {New York},  
  collection = {Library of Congress; Americana}
}



@book{greenlee1964introduction,
  title={Introduction to New Testament Textual Criticism},
  author={Greenlee, J.H.},
  year={1964},
  publisher={Eerdmans}
}


@book{West1973,
  author    = {Martin L. West},
  title     = {Textual Criticism and Editorial Technique: Applicable to Greek and Latin Texts},
  publisher = {B. G. Teubner},
  year      = {1973}
}
